
@ARTICLE{2002AJ....123..583B,
   author = {{Bernstein}, G.~M. and {Jarvis}, M.},
    title = "{Shapes and Shears, Stars and Smears: Optimal Measurements for Weak Lensing}",
  journal = {\aj},
   eprint = {astro-ph/0107431},
 keywords = {Cosmology: Gravitational Lensing, Methods: Data Analysis, Techniques: Image Processing},
     year = 2002,
    month = feb,
   volume = 123,
    pages = {583-618},
      doi = {10.1086/338085},
   adsurl = {http://adsabs.harvard.edu/abs/2002AJ....123..583B},
  adsnote = {Provided by the SAO/NASA Astrophysics Data System}
}

@ARTICLE{2008arXiv0805.2366I,
   author = {{Ivezic}, Z. and {Tyson}, J.~A. and {Abel}, B. and {Acosta}, E. and
    {Allsman}, R. and {AlSayyad}, Y. and {Anderson}, S.~F. and {Andrew}, J. and
    {Angel}, R. and {Angeli}, G. and {Ansari}, R. and {Antilogus}, P. and
    {Arndt}, K.~T. and {Astier}, P. and {Aubourg}, E. and {Axelrod}, T. and
    {Bard}, D.~J. and {Barr}, J.~D. and {Barrau}, A. and {Bartlett}, J.~G. and
    {Bauman}, B.~J. and {Beaumont}, S. and {Becker}, A.~C. and {Becla}, J. and
    {Beldica}, C. and {Bellavia}, S. and {Blanc}, G. and {Blandford}, R.~D. and
    {Bloom}, J.~S. and {Bogart}, J. and {Borne}, K. and {Bosch}, J.~F. and
    {Boutigny}, D. and {Brandt}, W.~N. and {Brown}, M.~E. and {Bullock}, J.~S. and
    {Burchat}, P. and {Burke}, D.~L. and {Cagnoli}, G. and {Calabrese}, D. and
    {Chandrasekharan}, S. and {Chesley}, S. and {Cheu}, E.~C. and
    {Chiang}, J. and {Claver}, C.~F. and {Connolly}, A.~J. and {Cook}, K.~H. and
    {Cooray}, A. and {Covey}, K.~R. and {Cribbs}, C. and {Cui}, W. and
    {Cutri}, R. and {Daubard}, G. and {Daues}, G. and {Delgado}, F. and
    {Digel}, S. and {Doherty}, P. and {Dubois}, R. and {Dubois-Felsmann}, G.~P. and
    {Durech}, J. and {Eracleous}, M. and {Ferguson}, H. and {Frank}, J. and
    {Freemon}, M. and {Gangler}, E. and {Gawiser}, E. and {Geary}, J.~C. and
    {Gee}, P. and {Geha}, M. and {Gibson}, R.~R. and {Gilmore}, D.~K. and
    {Glanzman}, T. and {Goodenow}, I. and {Gressler}, W.~J. and
    {Gris}, P. and {Guyonnet}, A. and {Hascall}, P.~A. and {Haupt}, J. and
    {Hernandez}, F. and {Hogan}, C. and {Huang}, D. and {Huffer}, M.~E. and
    {Innes}, W.~R. and {Jacoby}, S.~H. and {Jain}, B. and {Jee}, J. and
    {Jernigan}, J.~G. and {Jevremovic}, D. and {Johns}, K. and {Jones}, R.~L. and
    {Juramy-Gilles}, C. and {Juric}, M. and {Kahn}, S.~M. and {Kalirai}, J.~S. and
    {Kallivayalil}, N. and {Kalmbach}, B. and {Kantor}, J.~P. and
    {Kasliwal}, M.~M. and {Kessler}, R. and {Kirkby}, D. and {Knox}, L. and
    {Kotov}, I. and {Krabbendam}, V.~L. and {Krughoff}, S. and {Kubanek}, P. and
    {Kuczewski}, J. and {Kulkarni}, S. and {Lambert}, R. and {Le Guillou}, L. and
    {Levine}, D. and {Liang}, M. and {Lim}, K. and {Lintott}, C. and
    {Lupton}, R.~H. and {Mahabal}, A. and {Marshall}, P. and {Marshall}, S. and
    {May}, M. and {McKercher}, R. and {Migliore}, M. and {Miller}, M. and
    {Mills}, D.~J. and {Monet}, D.~G. and {Moniez}, M. and {Neill}, D.~R. and
    {Nief}, J. and {Nomerotski}, A. and {Nordby}, M. and {O'Connor}, P. and
    {Oliver}, J. and {Olivier}, S.~S. and {Olsen}, K. and {Ortiz}, S. and
    {Owen}, R.~E. and {Pain}, R. and {Peterson}, J.~R. and {Petry}, C.~E. and
    {Pierfederici}, F. and {Pietrowicz}, S. and {Pike}, R. and {Pinto}, P.~A. and
    {Plante}, R. and {Plate}, S. and {Price}, P.~A. and {Prouza}, M. and
    {Radeka}, V. and {Rajagopal}, J. and {Rasmussen}, A. and {Regnault}, N. and
    {Ridgway}, S.~T. and {Ritz}, S. and {Rosing}, W. and {Roucelle}, C. and
    {Rumore}, M.~R. and {Russo}, S. and {Saha}, A. and {Sassolas}, B. and
    {Schalk}, T.~L. and {Schindler}, R.~H. and {Schneider}, D.~P. and
    {Schumacher}, G. and {Sebag}, J. and {Sembroski}, G.~H. and
    {Seppala}, L.~G. and {Shipsey}, I. and {Silvestri}, N. and {Smith}, J.~A. and
    {Smith}, R.~C. and {Strauss}, M.~A. and {Stubbs}, C.~W. and
    {Sweeney}, D. and {Szalay}, A. and {Takacs}, P. and {Thaler}, J.~J. and
    {Van Berg}, R. and {Vanden Berk}, D. and {Vetter}, K. and {Virieux}, F. and
    {Xin}, B. and {Walkowicz}, L. and {Walter}, C.~W. and {Wang}, D.~L. and
    {Warner}, M. and {Willman}, B. and {Wittman}, D. and {Wolff}, S.~C. and
    {Wood-Vasey}, W.~M. and {Yoachim}, P. and {Zhan}, H. and {for the LSST Collaboration}
    },
    title = "{LSST: from Science Drivers to Reference Design and Anticipated Data Products}",
  journal = {ArXiv e-prints},
archivePrefix = "arXiv",
   eprint = {0805.2366},
 keywords = {Astrophysics},
     year = 2008,
    month = may,
   adsurl = {http://adsabs.harvard.edu/abs/2008arXiv0805.2366I},
  adsnote = {Provided by the SAO/NASA Astrophysics Data System}
}

@ARTICLE{2010Icar..209..542M,
   author = {{Muinonen}, K. and {Belskaya}, I.~N. and {Cellino}, A. and {Delb{\`o}}, M. and
    {Levasseur-Regourd}, A.-C. and {Penttil{\"a}}, A. and {Tedesco}, E.~F.
    },
    title = "{A three-parameter magnitude phase function for asteroids}",
  journal = {\icarus},
     year = 2010,
    month = oct,
   volume = 209,
    pages = {542-555},
      doi = {10.1016/j.icarus.2010.04.003},
   adsurl = {http://adsabs.harvard.edu/abs/2010Icar..209..542M},
  adsnote = {Provided by the SAO/NASA Astrophysics Data System}
}

@ARTICLE{2011ApJ...733...10R,
   author = {{Richards}, J.~W. and {Starr}, D.~L. and {Butler}, N.~R. and
    {Bloom}, J.~S. and {Brewer}, J.~M. and {Crellin-Quick}, A. and
    {Higgins}, J. and {Kennedy}, R. and {Rischard}, M.},
    title = "{On Machine-learned Classification of Variable Stars with Sparse and Noisy Time-series Data}",
  journal = {\apj},
archivePrefix = "arXiv",
   eprint = {1101.1959},
 primaryClass = "astro-ph.IM",
 keywords = {methods: data analysis, methods: statistical, stars: variables: general, techniques: photometric},
     year = 2011,
    month = may,
   volume = 733,
      eid = {10},
    pages = {10},
      doi = {10.1088/0004-637X/733/1/10},
   adsurl = {http://adsabs.harvard.edu/abs/2011ApJ...733...10R},
  adsnote = {Provided by the SAO/NASA Astrophysics Data System}
}

@Misc{LDM-151,
  author =       {Mario Juri\'c and others},
  title =        {{LSST Data Management Applications Design}},
  howpublished = {LSST Data Management LDM-151},
  note =         {\url{http://ls.st/LDM-151}},
  publisher =    {LSST Project Office},
  year =         2013,
}

@MISC{LDM-153,
author = {J. Becla},
title = {LSST Database Baseline Schema},
howpublished = {LSST Data Management LDM-153},
note = {\url{http://ls.st/LDM-153}},
publisher = {LSST Project Office},
year = 2013,
}

@MISC{LDM-156,
author = "Jonathan Myers and R. Lynne Jones and Tim Axelrod",
year = 2013,
title = "{Moving Object Pipeline System Design}",
howpublished = {LSST Data Management LDM-156},
publisher = {LSST Project Office},
note = {\url{http://ls.st/LDM-156}},
}

@MISC{LPM-17,
author = "Z. Ivezic and others",
year = 2011,
title = "{LSST Science Requirements Document}",
howpublished = {LSST Project Management LPM-17},
publisher = {LSST Project Office},
note = {\url{http://ls.st/srd}},
}

@MISC{LSE-29,
author = "C. F. Claver and others",
title = "{LSST System Requirements}",
year = 2016,
howpublished = {LSST Systems Engineering LSE-29},
publisher = {LSST Project Office},
note = {\url{http://ls.st/LSE-29}}
}

@MISC{LSE-30,
author = "C. F. Claver and others",
year = 2016,
title = "{LSST Observatory System Specifications}",
howpublished = {LSST Systems Engineering LSE-30},
publisher = {LSST Project Office},
note = {\url{http://ls.st/LSE-30}},
}

@MISC{LSE-61,
author = "G. Dubois-Felsmann and others",
title = "{LSST Data Management System Requirements}",
year = 2016,
howpublished = {LSST Systems Engineering LSE-61},
publisher = {LSST Project Office},
note = {\url{http://ls.st/LSE-61}}
}
